@CONFERENCE {Paper1,
    author    = "D. Bishop and A. Deokar",
    title     = "Toward an Understanding of Preference for Agile Software Development Methods from a Personality Theory Perspective",
    booktitle = "47th Hawaii International Conference on System Sciences",
    year      = "2014",
    pages     = "4749-4758.",
    address   = "Waikoloa, HI",
    month     = "Jan",
    publisher = "IEEE"
}
@CONFERENCE {Paper2,
    author  = "McHugh, O and Conboy, K and Lang, M",
    title   = "Agile Practices: The Impact on Trust in Software Project Teams",
    booktitle = "IEEE Software",
    year   = "2012",
    volume  = "29",
    series  = "3",
    pages   = "71 - 76",
    month   = "Jun",
    publisher = "IEEE"
}
@CONFERENCE {Paper3,
    author = "Licorish, S and Philpott, A and MacDonell, S.G",
    title = "Supporting agile team composition: A prototype tool for identifying personality (In)compatibilities",
    booktitle = "Cooperative and Human Aspects on Software Engineering, 2009. CHASE '09. ICSE Workshop on",
    year = "2009",
    pages = "66 - 73",
    address = "Vancouver, BC",
    month = "May",
    publisher = "IEEE"
}
@CONFERENCE {Paper4,
    author = "Chao, J and Atli, G",
    title = "Critical personality traits in successful pair programming",
    booktitle = "Agile Conference, 2006",
    year = "2006",
    pages = "5 - 93",
    address = "Minneapolis, MN",
    month = "July",
    publisher = "IEEE"
}
@CONFERENCE {Paper5,
    author = "Lykourentzou, I and Antoniou, A and Naudet, Y and Dow, S. P",
    title = "Personality Matters: Balancing for Personality Types Leads to Better Outcomes for Crowd Teams",
    booktitle = "CSCW '16 Proceedings of the 19th ACM Conference on Computer-Supported Cooperative Work and Social Computing",
    year = "2016",
    pages = "260 - 273",
    address = "San Francisco, CA, USA",
    month = "Feb - March",
    publisher = "ACM"
}
@BOOK{Paper6,
    author = "S. Cain",
    title = "The Power of Introverts: 9 Best-Loved Stories by Susan Cain",
    year = "2015",
    pages = "1 -37",
    publisher = "Quiet Revolutionl"
}

@THESIS {Paper7,
    author = "E. Whitworth and R. Biddle",
    title = "The Social Nature of Agile Teams",
    booktitle = "Human-Orientated Technology Lab ",
    year = "2007",
    pages = "1 -11",
    address = "Carleton University, Ottowa, Canada",
}

