@inproceedings{bhalerao2010,
  title={Analyzing the modes of communication in agile practices},
  author={Bhalerao, S and Ingle, M},
  booktitle={Computer Science and Information Technology (ICCSIT), 2010 3rd IEEE International Conference on},
  volume={3},
  pages={391--395},
  year={2010},
  organization={IEEE}
}

@inproceedings{scharff2012,
  title={On the difficulties for students to adhere to scrum on global software development projects: preliminary results},
  author={Scharff, Christelle and Heng, Samedi and Kulkarni, Vidya},
  booktitle={Collaborative Teaching of Globally Distributed Software Development Workshop (CTGDSD), 2012},
  pages={25--29},
  year={2012},
  organization={IEEE}
}

@inproceedings{abdullah2011,
  title={Communication patterns of agile requirements engineering},
  author={Abdullah, Nik Nailah Binti and Honiden, Shinichi and Sharp, Helen and Nuseibeh, Bashar and Notkin, David},
  booktitle={Proceedings of the 1st workshop on agile requirements engineering},
  pages={1},
  year={2011},
  organization={ACM}
}

@article{joshi2013,
  title={Communication Issues in Agile Methodology: A Survey},
  author={Joshi, Parikshit and Aggarwal, Ashish and Goel, Shivani},
  journal={International Journal of Latest Research in Science and Technology},
  volume={2},
  number={4},
  pages={15--20},
  year={2013}
}

@inproceedings{krasteva2008,
  title={Adopting an agile methodology: why it did not work},
  author={Krasteva, Iva and Ilieva, Sylvia},
  booktitle={Proceedings of the 2008 international workshop on Scrutinizing agile practices or shoot-out at the agile corral},
  pages={33--36},
  year={2008},
  organization={ACM}
}

@article{williams2012,
  title={What agile teams think of agile principles},
  author={Williams, Laurie},
  journal={Communications of the ACM},
  volume={55},
  number={4},
  pages={71--76},
  year={2012},
  publisher={ACM}
}

@inproceedings{marjaie2011,
  title={Communication in Agile Software Projects: Qualitative Analysis using Grounded Theory in System Dynamics},
  author={Marjaie, S and Rathod, Urvashi},
  booktitle={Proc. Intâ€™l Conf. of the System Dynamics Society 2011},
  year={2011}
}

@article{bhalerao2009,
  title={Agile Communication Model for Distributed Software Development},
  author={Bhalerao, S and Ingle, M},
  journal={Journal of Computer Science Engineering and Information Technology},
  volume={1},
  number={3},
  year={2009}
}

@article{cohn2003,
  title={Introducing an agile process to an organization},
  author={Cohn, Mike and Ford, Doris},
  journal={Computer},
  number={6},
  pages={74--78},
  year={2003},
  publisher={IEEE}
}

@web{OllyBrandLiveBlog2015,
 author = {Tony Edwards and Olly Brand},
 title = {Agile On the Beach [Online] at (http://agilemanifesto.org/) Accessed on 8 May 2016},
 year = {2015},
 url = {http://agileonthebeach.com/olly-brand-working-remotely-in-a-global-team-live-blog/},
}

%Can't find full text
@inproceedings{kumar2015,
  title={Agile Communicators: Cognitive Apprenticeship to Prepare Students for Communication-Intensive Software Development},
  author={Kumar, Shreya and Ureel, Leo C and Wallace, Charles},
  booktitle={Agile Conference (AGILE), 2015},
  pages={71--75},
  year={2015},
  organization={IEEE}
}