@misc{Agile,
    title={Principles behind the Agile Manifesto},
    author={{Kent Beck, Mike Beedle, Arie van Bennekum, Alistair Cockburn, Ward Cunningham, Martin Fowler, James Grenning, Jim Highsmith, Andrew Hunt, Ron Jeffries, Jon Kern, Brian Marick, Robert C. Martin, Steve Mellor, Ken Schwaber, Jeff Sutherland, Dave Thomas}},
    howpublished={[Online]. Available: \url{http://agilemanifesto.org/principles.html}},
    note={[Accessed: 22-Nov-2016]}
}

@misc{PilotNevo,
    title={Enhancing the Performance of Software Development Virtual Teams through the Use of Agile Methods: A Pilot Study},
    author={{Saggi Nevo}},
    howpublished={[Online]. Available: \url{https://www.computer.org/csdl/proceedings/hicss/2011/4282/00/01-09-03.pdf }},
    note={[Accessed: 22-Nov-2016]}
}
