@inproceedings{Leader,
 author = {Dubinsky, Yael and Hazzan, Orit},
 title = {Ad-hoc Leadership in Agile Software Development Environments},
 booktitle = {Proceedings of the 2010 ICSE Workshop on Cooperative and Human Aspects of Software Engineering},
 series = {CHASE '10},
 year = {2010},
 isbn = {978-1-60558-966-4},
 location = {Cape Town, South Africa},
 pages = {32--38},
 numpages = {7},
 url = {http://doi.acm.org/10.1145/1833310.1833316},
 doi = {10.1145/1833310.1833316},
 acmid = {1833316},
 publisher = {ACM},
 address = {New York, NY, USA},} 

@inproceedings{LeaderUnleashed,
 author = {Patil, S. B. and Rao, Srikantha and Patil, P. S.},
 title = {Agile Principles As a Leadership Value System in the Software Development: Are We Ready to Be Unleashed?},
 booktitle = {Proceedings of the International Conference \&\#38; Workshop on Emerging Trends in Technology},
 series = {ICWET '11},
 year = {2011},
 isbn = {978-1-4503-0449-8},
 location = {Mumbai, Maharashtra, India},
 pages = {765--766},
 numpages = {2},
 url = {http://doi.acm.org/10.1145/1980022.1980188},
 doi = {10.1145/1980022.1980188},
 acmid = {1980188},
 publisher = {ACM},
 address = {New York, NY, USA},} 

@inproceedings{SocialAgile,
 author = {van Kelle, Evelyn and van der Wijst, Per and Plaat, Aske and Visser, Joost},
 title = {An Empirical Study into Social Success Factors for Agile Software Development},
 booktitle = {Proceedings of the Eighth International Workshop on Cooperative and Human Aspects of Software Engineering},
 series = {CHASE '15},
 year = {2015},
 location = {Florence, Italy},
 pages = {77--80},
 numpages = {4},
 url = {http://dl.acm.org/citation.cfm?id=2819321.2819335},
 acmid = {2819335},
 publisher = {IEEE Press},
 address = {Piscataway, NJ, USA},
} 

@inproceedings{Agile,
 author = {Gelperin, David},
 title = {Exploring Agile},
 booktitle = {Proceedings of the 2008 International Workshop on Scrutinizing Agile Practices or Shoot-out at the Agile Corral},
 series = {APOS '08},
 year = {2008},
 isbn = {978-1-60558-021-0},
 location = {Leipzig, Germany},
 pages = {1--3},
 numpages = {3},
 url = {http://doi.acm.org/10.1145/1370143.1370144},
 doi = {10.1145/1370143.1370144},
 acmid = {1370144},
 publisher = {ACM},
 address = {New York, NY, USA},} 

@INPROCEEDINGS{Behavior, 
 author={K. Sutling and Z. Mansor and S. Widyarto and S. Letchmunan and N. H. Arshad}, 
 booktitle={Software Engineering Conference (MySEC), 2014 8th Malaysian}, 
 title={Agile project manager behavior: The taxonomy}, 
 year={2014}, 
 pages={234-239}, 
 doi={10.1109/MySec.2014.6986020}, 
 month={Sept},
}

@INPROCEEDINGS{AdoptAgile, 
 author={D. Duka}, 
 booktitle={Information Communication Technology Electronics Microelectronics (MIPRO), 2013 36th International Convention on}, 
 title={Adoption of agile methodology in software development}, 
 year={2013}, 
 pages={426-430}, 
 month={May},
}

@INPROCEEDINGS{ManagerGuide, 
 author={R. Mencke}, 
 booktitle={Agile, 2008. AGILE '08. Conference}, 
 title={A Product Manager's Guide to Surviving the Big Bang Approach to Agile Transitions}, 
 year={2008}, 
 pages={407-412}, 
 doi={10.1109/Agile.2008.65}, 
 month={Aug},
}

@ARTICLE{Together, 
 author={S. Berczuk and Y. Lv}, 
 journal={IEEE Software}, 
 title={We're All in This Together}, 
 year={2010}, 
 volume={27}, 
 number={6}, 
 pages={12-15}, 
 doi={10.1109/MS.2010.151}, 
 ISSN={0740-7459}, 
 month={Nov},
}

@INPROCEEDINGS{Chaos, 
 author={D. M. Shawky}, 
 booktitle={Software Paradigm Trends (ICSOFT-PT), 2014 9th International Conference on}, 
 title={Traditional vs Agile development a comparison using chaos theory}, 
 year={2014}, 
 pages={109-114}, 
 month={Aug},
}

@ARTICLE{AboutAgile, 
 author={T. Dyba and T. Dingsoyr}, 
 journal={IEEE Software}, 
 title={What Do We Know about Agile Software Development?}, 
 year={2009}, 
 volume={26}, 
 number={5}, 
 pages={6-9}, 
 doi={10.1109/MS.2009.145}, 
 ISSN={0740-7459}, 
 month={Sept},
}

@INPROCEEDINGS{VPMaster, 
 author={C. L. Cowan}, 
 booktitle={Agile Conference (AGILE), 2011}, 
 title={When the VP is a Scrum Master, You Hit the Ground Running}, 
 year={2011}, 
 pages={279-283}, 
 doi={10.1109/AGILE.2011.31}, 
 month={Aug},
}

@INPROCEEDINGS{MasterActivities, 
 author={J. M. Bass}, 
 booktitle={Global Software Engineering (ICGSE), 2014 IEEE 9th International Conference on}, 
 title={Scrum Master Activities: Process Tailoring in Large Enterprise Projects}, 
 year={2014}, 
 pages={6-15}, 
 doi={10.1109/ICGSE.2014.24}, 
 month={Aug},
}

@INPROCEEDINGS{ManagerMaster, 
 author={L. Yi}, 
 booktitle={Agile Conference (AGILE), 2011}, 
 title={Manager as Scrum Master}, 
 year={2011}, 
 pages={151-153}, 
 doi={10.1109/AGILE.2011.8}, 
 month={Aug},
}

@inproceedings{Oxymoron,
 author = {Anderson, Lougie and Alleman, Glen B. and Beck, Kent and Blotner, Joe and Cunningham, Ward and Poppendieck, Mary and Wirfs-Brock, Rebecca},
 title = {Agile Management - an Oxymoron?: Who Needs Managers Anyway?},
 booktitle = {Companion of the 18th Annual ACM SIGPLAN Conference on Object-oriented Programming, Systems, Languages, and Applications},
 series = {OOPSLA '03},
 year = {2003},
 isbn = {1-58113-751-6},
 location = {Anaheim, CA, USA},
 pages = {275--277},
 numpages = {3},
 url = {http://doi.acm.org/10.1145/949344.949410},
 doi = {10.1145/949344.949410},
 acmid = {949410},
 publisher = {ACM},
 address = {New York, NY, USA},
} 

