@article{shannon, 
	author={Shannon, Claude E.}, 
	journal={The Bell System Technical Journal}, 
	title={A mathematical theory of communication}, 
	year={1948}, 
	volume={27}, 
	number={3}, 
	pages={379-423}
}
@inproceedings{abrahamsson2003new,
  title={New directions on agile methods: a comparative analysis},
  author={Abrahamsson, Pekka and Warsta, Juhani and Siponen, Mikko T and Ronkainen, Jussi},
  booktitle={Software Engineering, 2003. Proceedings. 25th International Conference on},
  pages={244--254},
  year={2003},
  organization={Ieee}
}
