@inproceedings{rubart2009supporting,
  title={Supporting daily scrum meetings with change structure},
  author={Rubart, Jessica and Freykamp, Frank},
  booktitle={Proceedings of the 20th ACM conference on Hypertext and hypermedia},
  pages={57--62},
  year={2009},
  organization={ACM}
}

@inproceedings{phillips2011branching,
  title={Branching and merging: an investigation into current version control practices},
  author={Phillips, Shaun and Sillito, Jonathan and Walker, Rob},
  booktitle={Proceedings of the 4th International Workshop on Cooperative and Human Aspects of Software Engineering},
  pages={9--15},
  year={2011},
  organization={ACM}
}

@inproceedings{dinakar2009agile,
  title={Agile development: overcoming a short-term focus in implementing best practices},
  author={Dinakar, Karthik},
  booktitle={Proceedings of the 24th ACM SIGPLAN conference companion on Object oriented programming systems languages and applications},
  pages={579--588},
  year={2009},
  organization={ACM}
}

@inproceedings{mikami2017micro,
  title={Micro-Versioning Tool to Support Experimentation in Exploratory Programming},
  author={Mikami, Hiroaki and Sakamoto, Daisuke and Igarashi, Takeo},
  booktitle={Proceedings of the 2017 CHI Conference on Human Factors in Computing Systems},
  pages={6208--6219},
  year={2017},
  organization={ACM}
}

@inproceedings{rayana2016gitwaterflow,
  title={GitWaterFlow: a successful branching model and tooling, for achieving continuous delivery with multiple version branches},
  author={Rayana, Rayene Ben and Killian, Sylvain and Trangez, Nicolas and Calmettes, Arnaud},
  booktitle={Proceedings of the 4th International Workshop on Release Engineering},
  pages={17--20},
  year={2016},
  organization={ACM}
}

@inproceedings{krusche2016teaching,
  title={Teaching code review management using branch based workflows},
  author={Krusche, Stephan and Berisha, Mjellma and Bruegge, Bernd},
  booktitle={Proceedings of the 38th International Conference on Software Engineering Companion},
  pages={384--393},
  year={2016},
  organization={ACM}
}