@inproceedings{Ktata,
	 author = {Ktata, Oualid and L{\'e}vesque, Ghislain},
	 title = {Designing and Implementing a Measurement Program for Scrum Teams: What Do Agile Developers Really Need and Want?},
	 booktitle = {Proceedings of the Third C* Conference on Computer Science and Software Engineering},
	 series = {C3S2E '10},
	 year = {2010},
	 isbn = {978-1-60558-901-5},
	 location = {Montr\Ã©al, Quebec, Canada},
	 pages = {101--107},
	 numpages = {7},
	 url = {http://doi.acm.org/10.1145/1822327.1822341},
	 doi = {10.1145/1822327.1822341},
	 acmid = {1822341},
	 publisher = {ACM},
	 address = {New York, NY, USA},
} 


@inproceedings{Kupiainen,
	 author = {Kupiainen, Eetu and M\"{a}ntyl\"{a}, Mika V. and Itkonen, Juha},
	 title = {Why Are Industrial Agile Teams Using Metrics and How Do They Use Them?},
	 booktitle = {Proceedings of the 5th International Workshop on Emerging Trends in Software Metrics},
	 series = {WETSoM 2014},
	 year = {2014},
	 isbn = {978-1-4503-2854-8},
	 location = {Hyderabad, India},
	 pages = {23--29},
	 numpages = {7},
	 url = {http://doi.acm.org/10.1145/2593868.2593873},
	 doi = {10.1145/2593868.2593873},
	 acmid = {2593873},
	 publisher = {ACM},
	 address = {New York, NY, USA},
} 

@article{Misra,
	 author = {Misra, Sanjay and Omorodion, Martha},
	 title = {Survey on Agile Metrics and Their Inter-relationship with Other Traditional Development Metrics},
	 journal = {SIGSOFT Softw. Eng. Notes},
	 issue_date = {November 2011},
	 volume = {36},
	 number = {6},
	 month = nov,
	 year = {2011},
	 issn = {0163-5948},
	 pages = {1--3},
	 numpages = {3},
	 url = {http://doi.acm.org/10.1145/2047414.2047430},
	 doi = {10.1145/2047414.2047430},
	 acmid = {2047430},
	 publisher = {ACM},
	 address = {New York, NY, USA},
} 

@inproceedings{Cheng,
	 author = {Cheng, Tjan-Hien and Jansen, Slinger and Remmers, Marc},
	 title = {Controlling and Monitoring Agile Software Development in Three Dutch Product Software Companies},
	 booktitle = {Proceedings of the 2009 ICSE Workshop on Software Development Governance},
	 series = {SDG '09},
	 year = {2009},
	 isbn = {978-1-4244-3736-8},
	 pages = {29--35},
	 numpages = {7},
	 url = {http://dx.doi.org/10.1109/SDG.2009.5071334},
	 doi = {10.1109/SDG.2009.5071334},
	 acmid = {1569155},
	 publisher = {IEEE Computer Society},
	 address = {Washington, DC, USA}
} 

@inproceedings{Hartmann,
	 author = {Hartmann, Deborah and Dymond, Robin},
	 title = {Appropriate Agile Measurement: Using Metrics and Diagnostics to Deliver Business Value},
	 booktitle = {Proceedings of the Conference on AGILE 2006},
	 series = {AGILE '06},
	 year = {2006},
	 isbn = {0-7695-2562-8},
	 pages = {126--134},
	 numpages = {9},
	 url = {http://dx.doi.org/10.1109/AGILE.2006.17},
	 doi = {10.1109/AGILE.2006.17},
	 acmid = {1155521},
	 publisher = {IEEE Computer Society},
	 address = {Washington, DC, USA},
} 

@inproceedings{Downey,
	author={S. Downey and J. Sutherland},
	booktitle={System Sciences (HICSS), 2013 46th Hawaii International Conference on},
	title={Scrum Metrics for Hyperproductive Teams: How They Fly like Fighter Aircraft},
	year={2013},
	pages={4870-4878},
	doi	={10.1109/HICSS.2013.471},
	ISSN={1530-1605},
	month={Jan}
}

@web{AgileManifesto,
	 author = {Kent Beck and
	 Mike Beedle and
	 Arie van Bennekum and
	 Alistair Cockburn and
	 Ward Cunningham and
	 Martin Fowler and
	 James Grenning and
	 Jim Highsmith and
	 Andrew Hunt and
	 Ron Jeffries and
	 Jon Kern and
	 Brian Marick and
	 Robert C. Martin and
	 Steve Mellor and
	 Ken Schwaber and
	 Jeff Sutherland and
	 Dave Thomas },
	 title = {Agile Manifesto [Online] at (http://agilemanifesto.org/) Accessed on 6 May 2016},
	 year = {2001},
	 url = {http://agilemanifesto.org/},
}

@BOOK {AgileWithScrum,
    author    = "Clinton Keith",
    title     = "Agile Game Development with Scrum",
    publisher = "Addison-Wesley: Pearson Education",
    year      = "2010"
}

@inproceedings{Duka,
	author={D. Duka},
	booktitle={36th International Convention on Information Communication Technology Electronics Microelectronics (MIPRO), 2013 },
	title={Adoption of agile methodology in software development},
	year={2013},
	pages={426-430},
	month={May},
}

@web{MGS,
	 author = {Mike Cohn},
	 title = {Release Burndown Chart  [Online] at (https://www.mountaingoatsoftware.com/agile/scrum/release-burndown) Accessed on 6 May 2016},
	 url = {https://www.mountaingoatsoftware.com/agile/scrum/release-burndown},
}

@inproceedings{Sutherland,
	author={J. Sutherland and A. Viktorov and J. Blount and N. Puntikov},
	booktitle={40th Annual Hawaii International Conference on System Sciences, 2007. HICSS 2007.},
	title={Distributed Scrum: Agile Project Management with Outsourced Development Teams},
	year={2007},
	pages={274},
	doi={10.1109/HICSS.2007.180},
	ISSN={1530-1605},
	month={Jan},
}
