@inproceedings{Leader,
 author = {Dubinsky, Yael and Hazzan, Orit},
 title = {Ad-hoc Leadership in Agile Software Development Environments},
 booktitle = {Proceedings of the 2010 ICSE Workshop on Cooperative and Human Aspects of Software Engineering},
 series = {CHASE '10},
 year = {2010},
 isbn = {978-1-60558-966-4},
 location = {Cape Town, South Africa},
 pages = {32--38},
 numpages = {7},
 url = {http://doi.acm.org/10.1145/1833310.1833316},
 doi = {10.1145/1833310.1833316},
 acmid = {1833316},
 publisher = {ACM},
 address = {New York, NY, USA},} 

@inproceedings{LeaderUnleashed,
 author = {Patil, S. B. and Rao, Srikantha and Patil, P. S.},
 title = {Agile Principles As a Leadership Value System in the Software Development: Are We Ready to Be Unleashed?},
 booktitle = {Proceedings of the International Workshop on Emerging Trends in Technology},
 series = {ICWET '11},
 year = {2011},
 isbn = {978-1-4503-0449-8},
 location = {Mumbai, Maharashtra, India},
 pages = {765--766},
 numpages = {2},
 url = {http://doi.acm.org/10.1145/1980022.1980188},
 doi = {10.1145/1980022.1980188},
 acmid = {1980188},
 publisher = {ACM},
 address = {New York, NY, USA},} 

@inproceedings{SocialAgile,
 author = {van Kelle, Evelyn and van der Wijst, Per and Plaat, Aske and Visser, Joost},
 title = {An Empirical Study into Social Success Factors for Agile Software Development},
 booktitle = {Proceedings of the Eighth International Workshop on Cooperative and Human Aspects of Software Engineering},
 series = {CHASE '15},
 year = {2015},
 location = {Florence, Italy},
 pages = {77--80},
 numpages = {4},
 url = {http://dl.acm.org/citation.cfm?id=2819321.2819335},
 acmid = {2819335},
 publisher = {IEEE Press},
 address = {Piscataway, NJ, USA},
} 

@inproceedings{Agile,
 author = {Gelperin, David},
 title = {Exploring Agile},
 booktitle = {Proceedings of the 2008 International Workshop on Scrutinizing Agile Practices or Shoot-out at the Agile Corral},
 series = {APOS '08},
 year = {2008},
 isbn = {978-1-60558-021-0},
 location = {Leipzig, Germany},
 pages = {1--3},
 numpages = {3},
 url = {http://doi.acm.org/10.1145/1370143.1370144},
 doi = {10.1145/1370143.1370144},
 acmid = {1370144},
 publisher = {ACM},
 address = {New York, NY, USA},} 

@inproceedings{Behavior, 
 author={K. Sutling and Z. Mansor and S. Widyarto and S. Letchmunan and N. H. Arshad}, 
 booktitle={2014 8th Malaysian Conference on Software Engineering (MySEC),}, 
 title={Agile project manager behavior: The taxonomy}, 
 year={2014}, 
 pages={234-239}, 
 doi={10.1109/MySec.2014.6986020}, 
 month={Sept},
}

@inproceedings{AdoptAgile, 
 author={D. Duka}, 
 booktitle={2013 36th International Convention on Information Communication Technology Electronics Microelectronics (MIPRO)}, 
 title={Adoption of agile methodology in software development}, 
 year={2013}, 
 pages={426-430}, 
 month={May},
}

@inproceedings{ManagerGuide, 
 author={R. Mencke}, 
 booktitle={Agile, 2008. AGILE '08. Conference}, 
 title={A Product Manager's Guide to Surviving the Big Bang Approach to Agile Transitions}, 
 year={2008}, 
 pages={407-412}, 
 doi={10.1109/Agile.2008.65}, 
 month={Aug},
}

@article{Together, 
 author={S. Berczuk and Y. Lv}, 
 journal={IEEE Software}, 
 title={We're All in This Together}, 
 year={2010}, 
 volume={27}, 
 number={6}, 
 pages={12-15}, 
 doi={10.1109/MS.2010.151}, 
 ISSN={0740-7459}, 
 month={Nov},
}

@inproceedings{Chaos, 
 author={D. M. Shawky}, 
 booktitle={2014 9th International Conference on Software Paradigm Trends (ICSOFT-PT)}, 
 title={Traditional vs Agile development a comparison using chaos theory}, 
 year={2014}, 
 pages={109-114}, 
 month={Aug},
}

@ARTICLE{AboutAgile, 
 author={T. Dyba and T. Dingsoyr}, 
 journal={IEEE Software}, 
 title={What Do We Know about Agile Software Development?}, 
 year={2009}, 
 volume={26}, 
 number={5}, 
 pages={6-9}, 
 doi={10.1109/MS.2009.145}, 
 ISSN={0740-7459}, 
 month={Sept},
}

@INPROCEEDINGS{VPMaster, 
 author={C. L. Cowan}, 
 booktitle={Agile Conference (AGILE), 2011}, 
 title={When the VP is a Scrum Master, You Hit the Ground Running}, 
 year={2011}, 
 pages={279-283}, 
 doi={10.1109/AGILE.2011.31}, 
 month={Aug},
}

@INPROCEEDINGS{MasterActivities, 
 author={J. M. Bass}, 
 booktitle={2014 IEEE 9th International Conference on Global Software Engineering (ICGSE)}, 
 title={Scrum Master Activities: Process Tailoring in Large Enterprise Projects}, 
 year={2014}, 
 pages={6-15}, 
 doi={10.1109/ICGSE.2014.24}, 
 month={Aug},
}

@INPROCEEDINGS{ManagerMaster, 
 author={L. Yi}, 
 booktitle={Proceedings of the 2011 Agile Conference (AGILE)}, 
 title={Manager as Scrum Master}, 
 year={2011}, 
 pages={151-153}, 
 doi={10.1109/AGILE.2011.8}, 
 month={Aug},
}

@inproceedings{Oxymoron,
 author = {Anderson, Lougie and Alleman, Glen B. and Beck, Kent and Blotner, Joe and Cunningham, Ward and Poppendieck, Mary and Wirfs-Brock, Rebecca},
 title = {Agile Management - an Oxymoron?: Who Needs Managers Anyway?},
 booktitle = {Companion of the 18th Annual ACM SIGPLAN Conference on Object-oriented Programming, Systems, Languages, and Applications},
 series = {OOPSLA '03},
 year = {2003},
 isbn = {1-58113-751-6},
 location = {Anaheim, CA, USA},
 pages = {275--277},
 numpages = {3},
 url = {http://doi.acm.org/10.1145/949344.949410},
 doi = {10.1145/949344.949410},
 acmid = {949410},
 publisher = {ACM},
 address = {New York, NY, USA},
} 

@web{manifesto,
 author = {Kent Beck and
 Mike Beedle and
 Arie van Bennekum and
 Alistair Cockburn and
 Ward Cunningham and
 Martin Fowler and
 James Grenning and
 Jim Highsmith and
 Andrew Hunt and
 Ron Jeffries and
 Jon Kern and
 Brian Marick and
 Robert C. Martin and
 Steve Mellor and
 Ken Schwaber and
 Jeff Sutherland and
 Dave Thomas },
 title = {Agile Manifesto [Online] at (http://agilemanifesto.org/) Accessed on 1 May 2016},
 year = {2001},
 url = {http://agilemanifesto.org/},
}

@inproceedings{extreme,
 author = {Cao, Lan and Mohan, Kannan and Xu, Peng and Ramesh, Balasubramaniam},
 title = {How Extreme Does Extreme Programming Have to Be? Adapting XP Practices to Large-Scale Projects},
 booktitle = {Proceedings of the 37th Annual Hawaii International Conference on System Sciences (HICSS'04)},
 series = {HICSS '04},
 year = {2004},
 isbn = {0-7695-2056-1},
 pages = {30083.3--},
 url = {http://dl.acm.org/citation.cfm?id=962751.962914},
 acmid = {962914},
 publisher = {IEEE Computer Society},
 address = {Washington, DC, USA},
} 

@ARTICLE{ready, 
 author={B. Boehm}, 
 journal={Computer}, 
 title={Get ready for agile methods, with care}, 
 year={2002}, 
 volume={35}, 
 number={1}, 
 pages={64-69}, 
 doi={10.1109/2.976920}, 
 ISSN={0018-9162}, 
 month={Jan},
}