@inproceedings{Ktata,
 author = {Ktata, Oualid and L{\'e}vesque, Ghislain},
 title = {Designing and Implementing a Measurement Program for Scrum Teams: What Do Agile Developers Really Need and Want?},
 booktitle = {Proceedings of the Third C* Conference on Computer Science and Software Engineering},
 series = {C3S2E '10},
 year = {2010},
 isbn = {978-1-60558-901-5},
 location = {Montr\Ã©al, Quebec, Canada},
 pages = {101--107},
 numpages = {7},
 url = {http://doi.acm.org/10.1145/1822327.1822341},
 doi = {10.1145/1822327.1822341},
 acmid = {1822341},
 publisher = {ACM},
 address = {New York, NY, USA},
 keywords = {Scrum, agile metrics, agile software process, business value, goal-question-metric, measurement program},
} 