@article{Sobiech:2015:HAS:2724928.2724930,
 author = {Sobiech, Fabian and Eilermann, Beate and Rausch, Andreas},
 title = {A Heuristic Approach to Solve the Elementary Sprint Optimization Problem for Non-cross-functional Teams in Scrum},
 journal = {SIGAPP Appl. Comput. Rev.},
 issue_date = {December 2014},
 volume = {14},
 number = {4},
 month = jan,
 year = {2015},
 issn = {1559-6915},
 pages = {19--26},
 numpages = {8},
 url = {http://doi.acm.org/10.1145/2724928.2724930},
 doi = {10.1145/2724928.2724930},
 acmid = {2724930},
 publisher = {ACM},
 address = {New York, NY, USA},
 keywords = {Scrum, agile development, sprint optimization, value of user stories},
} 
@inproceedings{Hoda:2010:AC:1869459.1869467,
 author = {Hoda, Rashina and Kruchten, Philippe and Noble, James and Marshall, Stuart},
 title = {Agility in Context},
 booktitle = {Proceedings of the ACM International Conference on Object Oriented Programming Systems Languages and Applications},
 series = {OOPSLA '10},
 year = {2010},
 isbn = {978-1-4503-0203-6},
 location = {Reno/Tahoe, Nevada, USA},
 pages = {74--88},
 numpages = {15},
 url = {http://doi.acm.org/10.1145/1869459.1869467},
 doi = {10.1145/1869459.1869467},
 acmid = {1869467},
 publisher = {ACM},
 address = {New York, NY, USA},
 keywords = {adaptation, agile software development, agility, context},
} 
@inproceedings{Gelperin:2008:EA:1370143.1370144,
 author = {Gelperin, David},
 title = {Exploring Agile},
 booktitle = {Proceedings of the 2008 International Workshop on Scrutinizing Agile Practices or Shoot-out at the Agile Corral},
 series = {APOS '08},
 year = {2008},
 isbn = {978-1-60558-021-0},
 location = {Leipzig, Germany},
 pages = {1--3},
 numpages = {3},
 url = {http://doi.acm.org/10.1145/1370143.1370144},
 doi = {10.1145/1370143.1370144},
 acmid = {1370144},
 publisher = {ACM},
 address = {New York, NY, USA},
 keywords = {agile development, agile manifesto},
} 
@inproceedings{Liskin:2014:URR:2593702.2593707,
 author = {Liskin, Olga and Schneider, Kurt and Fagerholm, Fabian and M\"{u}nch, J\"{u}rgen},
 title = {Understanding the Role of Requirements Artifacts in Kanban},
 booktitle = {Proceedings of the 7th International Workshop on Cooperative and Human Aspects of Software Engineering},
 series = {CHASE 2014},
 year = {2014},
 isbn = {978-1-4503-2860-9},
 location = {Hyderabad, India},
 pages = {56--63},
 numpages = {8},
 url = {http://doi.acm.org/10.1145/2593702.2593707},
 doi = {10.1145/2593702.2593707},
 acmid = {2593707},
 publisher = {ACM},
 address = {New York, NY, USA},
 keywords = {Collaboration, Kanban, Requirements Artifacts, User Stories},
} 
@INPROCEEDINGS{6653681, 
author={A. Zeaaraoui and Z. Bougroun and M. G. Belkasmi and T. Bouchentouf}, 
booktitle={Innovative Computing Technology (INTECH), 2013 Third International Conference on}, 
title={User stories template for object-oriented applications}, 
year={2013}, 
pages={407-410}, 
keywords={formal specification;object-oriented methods;program verification;software prototyping;team working;OOADARE approach;agile methods;customer development team communication;object analysis automation;object-oriented analysis and design approach for the requirements engineering approach;object-oriented applications;user story template;user story voice;Business;Computer science;Economics;Industries;Object oriented modeling;Object recognition;Software;User stories;agile method;approach;object-oriented application;user stories voice}, 
doi={10.1109/INTECH.2013.6653681}, 
month={Aug},}
}
@INPROCEEDINGS{6781336, 
author={R. Popli and N. Chauhan and H. Sharma}, 
booktitle={Issues and Challenges in Intelligent Computing Techniques (ICICT), 2014 International Conference on}, 
title={Prioritising user stories in agile environment}, 
year={2014}, 
pages={515-519}, 
keywords={learning (artificial intelligence);software prototyping;Moscow method;agile environment;enable quiz;learning methods;lightweight technical quizzing solution;skills development;software development methodologies;user stories;walking skeleton methods;Business;Encoding;Lead;Security;Usability;Agile estimation model;Story Point;Traditional estimation model;cost;effort;size}, 
doi={10.1109/ICICICT.2014.6781336}, 
month={Feb},}

